<?xml version="1.0" encoding="UTF-8"?><collection xmlns="http://www.loc.gov/MARC21/slim"><record><leader>00525nam--2200193-i-4500</leader><controlfield tag="001">000023774</controlfield><controlfield tag="002">20161230</controlfield><controlfield tag="005">20161230201035</controlfield><controlfield tag="008">060222s1000------------r-----000-0-eng-d</controlfield><datafield ind1=" " ind2=" " tag="020"><subfield code="a">0127013508</subfield></datafield><datafield ind1=" " ind2=" " tag="040"><subfield code="a">IFIN-HH</subfield></datafield><datafield ind1=" " ind2=" " tag="080"><subfield code="a">538.9:539.12.04</subfield></datafield><datafield ind1="1" ind2=" " tag="100"><subfield code="a">Tolk, N.H</subfield></datafield><datafield ind1="1" ind2="0" tag="245"><subfield code="a">Inelastic ion-surface collisions</subfield><subfield code="c">N.h. tolk, j.c. tully, w. heiland, c.w. white</subfield></datafield><datafield ind1=" " ind2=" " tag="260"><subfield code="a">New York</subfield><subfield code="b">Academic Press</subfield><subfield code="c">1977</subfield></datafield><datafield ind1=" " ind2=" " tag="300"><subfield code="a">IX + 352P</subfield></datafield><datafield ind1="1" ind2=" " tag="700"><subfield code="a">White, C.W</subfield></datafield><datafield ind1=" " ind2=" " tag="852"><subfield code="a">45869</subfield><subfield code="c">539.12.04</subfield></datafield><datafield ind1=" " ind2=" " tag="CAT"><subfield code="a">Sys</subfield><subfield code="c">20120208</subfield><subfield code="h">165206</subfield></datafield></record></collection>